@misc{OHSU-overleaf-dissertation-template,
  title = {OHSU LaTeX Dissertation Template},
  author = {Cordier, B. A.},
  year = {2021},
  note = {Available on Overleaf},
  url = {https://github.com/greenstick/ohsu-dissertation-template},
  doi = {}
}

@ARTICLE{9016106,
  author={Bendory, Tamir and Bartesaghi, Alberto and Singer, Amit},
  journal={IEEE Signal Processing Magazine}, 
  title={Single-Particle Cryo-Electron Microscopy: Mathematical Theory, Computational Challenges, and Opportunities}, 
  year={2020},
  volume={37},
  number={2},
  pages={58-76},
  doi={10.1109/MSP.2019.2957822}}
  
@article{sigworth1998maximum,
  title={A maximum-likelihood approach to single-particle image refinement},
  author={Sigworth, Fred J},
  journal={Journal of structural biology},
  volume={122},
  number={3},
  pages={328--339},
  year={1998},
  publisher={Elsevier}
}

@article{scheres2005fast,
  title={Fast maximum-likelihood refinement of electron microscopy images},
  author={Scheres, Sjors HW and Valle, Mikel and Carazo, Jos{\'e}-Mar{\'\i}a},
  journal={Bioinformatics},
  volume={21},
  number={suppl\_2},
  pages={ii243--ii244},
  year={2005},
  publisher={Oxford University Press}
}

@article{scheres2014beam,
  title={Beam-induced motion correction for sub-megadalton cryo-EM particles},
  author={Scheres, Sjors HW},
  journal={elife},
  volume={3},
  pages={e03665},
  year={2014},
  publisher={eLife Sciences Publications Limited}
}

@article{song2013flexibility,
  title={Flexibility within the rotor and stators of the vacuolar H+-ATPase},
  author={Song, Chun Feng and Papachristos, Kostas and Rawson, Shaun and Huss, Markus and Wieczorek, Helmut and Paci, Emanuele and Trinick, John and Harrison, Michael A and Muench, Stephen P},
  journal={PLoS One},
  volume={8},
  number={12},
  pages={e82207},
  year={2013},
  publisher={Public Library of Science}
}

@article{chowdhury2015structural,
  title={Structural organization of the dynein--dynactin complex bound to microtubules},
  author={Chowdhury, Saikat and Ketcham, Stephanie A and Schroer, Trina A and Lander, Gabriel C},
  journal={Nature structural \& molecular biology},
  volume={22},
  number={4},
  pages={345--347},
  year={2015},
  publisher={Nature Publishing Group}
}

@misc{boumal2018heterogeneous,
      title={Heterogeneous multireference alignment: a single pass approach}, 
      author={Nicolas Boumal and Tamir Bendory and Roy R. Lederman and Amit Singer},
      year={2018},
      eprint={1710.02590},
      archivePrefix={arXiv},
      primaryClass={cs.IT}
}